<record><leader>00000cas a22000007a 4500</leader><controlfield tag="001">20508189</controlfield><controlfield tag="008">891018d19181922nduwr ne      0    0eng d</controlfield><datafield ind1=" " ind2=" " tag="010"><subfield code="a">sn 89074328 </subfield></datafield><datafield ind1=" " ind2=" " tag="040"><subfield code="a">NOP</subfield><subfield code="b">eng</subfield><subfield code="c">NOP</subfield><subfield code="d">OCLCQ</subfield></datafield><datafield ind1=" " ind2=" " tag="042"><subfield code="a">msc</subfield></datafield><datafield ind1="0" ind2="0" tag="245"><subfield code="a">Morton County farmers press.</subfield></datafield><datafield ind1=" " ind2=" " tag="260"><subfield code="a">Mandan, Morton County, N.D. :</subfield><subfield code="b">Robt. L. Mackin</subfield></datafield><datafield ind1=" " ind2=" " tag="300"><subfield code="a">4 v. :</subfield><subfield code="b">ill. ;</subfield><subfield code="c">56 cm.</subfield></datafield><datafield ind1=" " ind2=" " tag="310"><subfield code="a">Weekly,</subfield><subfield code="b">June 20, 1919-Oct. 5, 1922</subfield></datafield><datafield ind1=" " ind2=" " tag="321"><subfield code="a">Triweekly,</subfield><subfield code="b">Apr. 28-June 13, 1919</subfield></datafield><datafield ind1=" " ind2=" " tag="321"><subfield code="a">Weekly,</subfield><subfield code="b">May 9, 1918-Apr. 25, 1919</subfield></datafield><datafield ind1="0" ind2=" " tag="362"><subfield code="a">Vol. 15, no. 2 (May 9, 1918)-v. 19, no. 34 (Oct. 5, 1922).</subfield></datafield><datafield ind1=" " ind2=" " tag="500"><subfield code="a">"Official Newspaper of Morton County," 1918-1919.</subfield></datafield><datafield ind1=" " ind2=" " tag="530"><subfield code="a">Available on microfilm from the State Historical Society of North Dakota.</subfield></datafield><datafield ind1=" " ind2=" " tag="752"><subfield code="a">United States</subfield><subfield code="b">North Dakota</subfield><subfield code="c">Morton</subfield><subfield code="d">Mandan.</subfield></datafield><datafield ind1="0" ind2="0" tag="780"><subfield code="t">Mandan Republican</subfield><subfield code="w">(DLC)sn 89074330</subfield></datafield><datafield ind1="0" ind2="7" tag="785"><subfield code="t">Mandan news and farmer-labor news</subfield><subfield code="w">(DLC)sn 89074325</subfield></datafield><datafield ind1="0" ind2="7" tag="785"><subfield code="t">Mandan news and the Morton County farmers press</subfield><subfield code="w">(DLC)sn 89074326</subfield></datafield></record>